@inproceedings{Asghari16,
 author = {Asghari, Mohammad and Deng, Dingxiong and Shahabi, Cyrus and Demiryurek, Ugur and Li, Yaguang},
 title = {Price-aware Real-time Ride-sharing at Scale: An Auction-based Approach},
 booktitle = {Proceedings of the 24th ACM SIGSPATIAL International Conference on Advances in Geographic Information Systems},
 series = {GIS '16},
 year = {2016},
 isbn = {978-1-4503-4589-7},
 location = {Burlingame, California},
 pages = {3:1--3:10},
 articleno = {3},
 numpages = {10},
 url = {http://doi.acm.org/10.1145/2996913.2996974},
 doi = {10.1145/2996913.2996974},
 acmid = {2996974},
 publisher = {ACM},
 address = {New York, NY, USA},
 keywords = {revenue maximization, ride-sharing, spatial crowdsourcing},
}

@article{Blei03,
 author = {Blei, David M. and Ng, Andrew Y. and Jordan, Michael I.},
 title = {Latent Dirichlet Allocation},
 journal = {J. Mach. Learn. Res.},
 issue_date = {3/1/2003},
 volume = {3},
 month = mar,
 year = {2003},
 issn = {1532-4435},
 pages = {993--1022},
 numpages = {30},
 url = {http://dl.acm.org/citation.cfm?id=944919.944937},
 acmid = {944937},
 publisher = {JMLR.org},
}

@inproceedings{Cao15,
 author = {Cao, Bin and Alarabi, Louai and Mokbel, Mohamed F. and Basalamah, Anas},
 title = {SHAREK: A Scalable Dynamic Ride Sharing System},
 booktitle = {Proceedings of the 2015 16th IEEE International Conference on Mobile Data Management - Volume 01},
 series = {MDM '15},
 year = {2015},
 pages = {4--13},
 numpages = {10}
 address = {Washington, DC, USA},
} 

@inproceedings{Cheng17,
 author = {Cheng, Peng and Xin, Hao and Chen, Lei},
 title = {Utility-Aware Ridesharing on Road Networks},
 booktitle = {Proceedings of the 2017 ACM International Conference on Management of Data},
 series = {SIGMOD '17},
 year = {2017},
 location = {Chicago, Illinois, USA},
 pages = {1197--1210},
 numpages = {14}
}

@inproceedings{Cheng14,
 author = {Cheng, Shih-Fen and Nguyen, Duc Thien and Lau, Hoong Chuin},
 title = {Mechanisms for Arranging Ride Sharing and Fare Splitting for Last-mile Travel Demands},
 booktitle = {Proceedings of the 2014 International Conference on Autonomous Agents and Multi-agent Systems},
 series = {AAMAS '14},
 year = {2014},
 isbn = {978-1-4503-2738-1},
 location = {Paris, France},
 pages = {1505--1506},
 numpages = {2},
 url = {http://dl.acm.org/citation.cfm?id=2615731.2616034},
 acmid = {2616034},
 publisher = {International Foundation for Autonomous Agents and Multiagent Systems},
 address = {Richland, SC},
 keywords = {cost sharing, mechanism design, ride sharing},
} 

@inproceedings{Chiang15,
 author = {Chiang, Meng-Fen and Hoang, Tuan-Anh and Lim, Ee-Peng},
 title = {Where Are the Passengers?: A Grid-based Gaussian Mixture Model for Taxi Bookings},
 booktitle = {Proceedings of the 23rd SIGSPATIAL International Conference on Advances in Geographic Information Systems},
 series = {SIGSPATIAL '15},
 year = {2015},
 isbn = {978-1-4503-3967-4},
 location = {Seattle, Washington},
 pages = {32:1--32:10},
 articleno = {32},
 numpages = {10},
 url = {http://doi.acm.org/10.1145/2820783.2820807},
 doi = {10.1145/2820783.2820807},
 acmid = {2820807},
 publisher = {ACM},
 address = {New York, NY, USA},
 keywords = {spatial-temporal dynamics, taxi demand modeling, unified grid-based gaussian mixure model},
}

@inproceedings{Cho11,
 author = {Cho, Eunjoon and Myers, Seth A. and Leskovec, Jure},
 title = {Friendship and Mobility: User Movement in Location-based Social Networks},
 booktitle = {Proceedings of the 17th ACM SIGKDD International Conference on Knowledge Discovery and Data Mining},
 series = {KDD '11},
 year = {2011},
 isbn = {978-1-4503-0813-7},
 location = {San Diego, California, USA},
 pages = {1082--1090},
 numpages = {9}
} 

@inproceedings{Cici15,
author = {Cici, Blerim and Markopoulou, Athina and Laoutaris, Nikolaos},
title = {Designing an On-line Ride-sharing System},
booktitle = {Proceedings of the 23rd SIGSPATIAL International Conference on Advances in Geographic Information Systems},
series = {GIS '15},
year = {2015},
location = {Bellevue, Washington},
pages = {60:1--60:4}
}

@article{Gao12a,
author = {Huiji Gao and Jiliang Tang and Huan Liu},
title = {Exploring Social-Historical Ties on Location-Based Social Networks},
journal = {International AAAI Conference on Web and Social Media},
year = {2012}
}

@article{Gao12b,
title = {Mobile Location Prediction in Spatio-Temporal Context},
journal = {Mobile Data Challenge 2012 (By Nokia) Workshop},
year = {2012},
location = {Newcastle, UK},
author = {Huji Gao, Jiliang Tang, Huan Liu}
} 

@article{Huang14,
title={Large scale real-time ridesharing with service guarantee on road networks},
author={Huang, Yan and Bastani, Favyen and Jin, Ruoming and Wang, Xiaoyang Sean},
journal={Proceedings of the VLDB Endowment},
volume={7},
number={14},
pages={2017--2028},
year={2014},
publisher={VLDB Endowment}
}

@inproceedings{Kamar09,
 author = {Kamar, Ece and Horvitz, Eric},
 title = {Collaboration and Shared Plans in the Open World: Studies of Ridesharing},
 booktitle = {Proceedings of the 21st International Jont Conference on Artifical Intelligence},
 series = {IJCAI'09},
 year = {2009},
 location = {Pasadena, California, USA},
 pages = {187--194},
 numpages = {8},
 url = {http://dl.acm.org/citation.cfm?id=1661445.1661476},
 acmid = {1661476},
 publisher = {Morgan Kaufmann Publishers Inc.},
 address = {San Francisco, CA, USA},
} 

@inproceedings{Kleiner11,
 author = {Kleiner, Alexander and Nebel, Bernhard and Ziparo, Vittorio Amos},
 title = {A Mechanism for Dynamic Ride Sharing Based on Parallel Auctions},
 booktitle = {Proceedings of the Twenty-Second International Joint Conference on Artificial Intelligence - Volume Volume One},
 series = {IJCAI'11},
 year = {2011},
 isbn = {978-1-57735-513-7},
 location = {Barcelona, Catalonia, Spain},
 pages = {266--272},
 numpages = {7},
 url = {http://dx.doi.org/10.5591/978-1-57735-516-8/IJCAI11-055},
 doi = {10.5591/978-1-57735-516-8/IJCAI11-055},
 acmid = {2283442},
 publisher = {AAAI Press},
}

@article{kullback51,
author = "Kullback, S. and Leibler, R. A.",
doi = "10.1214/aoms/1177729694",
fjournal = "The Annals of Mathematical Statistics",
journal = "Ann. Math. Statist.",
month = "03",
number = "1",
pages = "79--86",
publisher = "The Institute of Mathematical Statistics",
title = "On Information and Sufficiency",
url = "http://dx.doi.org/10.1214/aoms/1177729694",
volume = "22",
year = "1951"
}

@inproceedings{Lagoudakis04, 
author={Lagoudakis, M.G. and Berhault, M. and Koenig, S. and Keskinocak, P. and Kleywegt, A.J.}, 
booktitle={Intelligent Robots and Systems, 2004. (IROS 2004). Proceedings. 2004 IEEE/RSJ International Conference on}, 
title={Simple auctions with performance guarantees for multi-robot task allocation}, 
year={2004}, 
month={Sept}, 
volume={1}, 
pages={698-705 vol.1}, 
}

@article{Liao07,
title = "Learning and inferring transportation routines",
journal = "Artificial Intelligence",
volume = "171",
number = "5",
pages = "311 - 331",
year = "2007",
author = "Lin Liao and Donald J. Patterson and Dieter Fox and Henry Kautz"
}

@inproceedings{Lichman14,
 author = {Lichman, Moshe and Smyth, Padhraic},
 title = {Modeling Human Location Data with Mixtures of Kernel Densities},
 booktitle = {Proceedings of the 20th ACM SIGKDD International Conference on Knowledge Discovery and Data Mining},
 series = {KDD '14},
 year = {2014},
 isbn = {978-1-4503-2956-9},
 location = {New York, New York, USA},
 pages = {35--44},
 numpages = {10}
} 

@article{Ma15,
title={Real-time city-scale taxi ridesharing},
author={Ma, Shuo and Zheng, Yu and Wolfson, Ouri},
journal={IEEE Transactions on Knowledge and Data Engineering},
volume={27},
number={7},
pages={1782--1795},
year={2015},
publisher={IEEE}
}

@inproceedings{Mehta05, 
author= {Mehta, A. and Saberi, A. and Vazirani, U. and Vazirani, V.}, 
booktitle= {Foundations of Computer Science, 2005. FOCS 2005. 46th Annual IEEE Symposium on}, 
title= {AdWords and generalized on-line matching}, 
year= {2005}, 
month= {Oct}, 
pages= {264-273}
}

@book{Norris97, 
place={Cambridge}, 
series={Cambridge Series in Statistical and Probabilistic Mathematics}, 
title={Markov Chains}, 
DOI={10.1017/CBO9780511810633}, 
publisher={Cambridge University Press}, 
author={Norris, J. R.}, 
year={1997}, 
collection={Cambridge Series in Statistical and Probabilistic Mathematics}
}

@inproceedings{Noulas12,
author = {Noulas, Anastasios and Scellato, Salvatore and Lathia, Neal and Mascolo, Cecilia},
title = {Mining User Mobility Features for Next Place Prediction in Location-Based Services},
booktitle = {Proceedings of the 2012 IEEE 12th International Conference on Data Mining},
series = {ICDM '12},
year = {2012},
pages = {1038--1043},
numpages = {6},
}

@misc{NYC,
title = {NYC Taxi trips},
howpublished = {\url{http://www.nyc.gov/html/tlc/html/about/trip_record_data.shtml}},
note = {Accessed: 2017-03-30}
}

@INPROCEEDINGS{Quinlan92,
author = {J. R. Quinlan},
title = {Learning With Continuous Classes},
series = {AI '92},
year = {1992},
pages = {343--348},
publisher = {World Scientific}
}

@INPROCEEDINGS{Rubner98, 
author={Y. Rubner and C. Tomasi and L. J. Guibas}, 
booktitle={Sixth International Conference on Computer Vision (IEEE Cat. No.98CH36271)}, 
title={A metric for distributions with applications to image databases}, 
year={1998}, 
pages={59-66}, 
keywords={image colour analysis;image texture;visual databases;color;distributions;easy-to-compute lower bounds;image databases;linear optimization;multi-dimensional scaling displays;partial matching;texture;transportation problem;Application software;Computer displays;Computer science;Frequency;Geoscience;Histograms;Image databases;Image retrieval;Navigation;Psychology}, 
doi={10.1109/ICCV.1998.710701}, 
month={Jan},}

@inproceedings{Shen16,
 author = {Shen, Wen and Lopes, Cristina V. and Crandall, Jacob W.},
 title = {An Online Mechanism for Ridesharing in Autonomous Mobility-on-demand Systems},
 booktitle = {Proceedings of the Twenty-Fifth International Joint Conference on Artificial Intelligence},
 series = {IJCAI'16},
 year = {2016},
 isbn = {978-1-57735-770-4},
 location = {New York, New York, USA},
 pages = {475--481},
 numpages = {7},
 url = {http://dl.acm.org/citation.cfm?id=3060621.3060688},
 acmid = {3060688},
 publisher = {AAAI Press},
}

@misc{Uber15,
title = {It's a Beautiful (Pool) Day in the Neighborhood},
howpublished = {\url{https://www.uber.com/blog/los-angeles/its-a-beautiful-pool-day-in-the-neighborhood/}},
note = {Accessed: 2017-03-30}
}

@inproceedings{Wang15,
 author = {Wang, Yingzi and Yuan, Nicholas Jing and Lian, Defu and Xu, Linli and Xie, Xing and Chen, Enhong and Rui, Yong},
 title = {Regularity and Conformity: Location Prediction Using Heterogeneous Mobility Data},
 booktitle = {Proceedings of the 21th ACM SIGKDD International Conference on Knowledge Discovery and Data Mining},
 series = {KDD '15},
 year = {2015},
 location = {Sydney, NSW, Australia},
 pages = {1275--1284},
 numpages = {10}
}

@INPROCEEDINGS{Wang16, 
author={W. Wang and H. Yin and S. Sadiq and L. Chen and M. Xie and X. Zhou}, 
booktitle={2016 IEEE 32nd International Conference on Data Engineering (ICDE)}, 
title={SPORE: A sequential personalized spatial item recommender system}, 
year={2016}, 
pages={954-965}, 
month={May}
}

@inproceedings{Xiao15,
 author = {Xiao, Yonghui and Xiong, Li},
 title = {Protecting Locations with Differential Privacy Under Temporal Correlations},
 booktitle = {Proceedings of the 22Nd ACM SIGSAC Conference on Computer and Communications Security},
 series = {CCS '15},
 year = {2015},
 isbn = {978-1-4503-3832-5},
 location = {Denver, Colorado, USA},
 pages = {1298--1309},
 numpages = {12},
 keywords = {differential privacy, location privacy, location-based services, planar isotropic mechanism, sensitivity hull},
}

@inproceedings{Yin13,
 author = {Yin, Hongzhi and Sun, Yizhou and Cui, Bin and Hu, Zhiting and Chen, Ling},
 title = {LCARS: A Location-content-aware Recommender System},
 booktitle = {Proceedings of the 19th ACM SIGKDD International Conference on Knowledge Discovery and Data Mining},
 series = {KDD '13},
 year = {2013},
 isbn = {978-1-4503-2174-7},
 location = {Chicago, Illinois, USA},
 pages = {221--229},
 numpages = {9}
} 

@inproceedings{Yuan13,
 author = {Yuan, Quan and Cong, Gao and Ma, Zongyang and Sun, Aixin and Thalmann, Nadia Magnenat-},
 title = {Time-aware Point-of-interest Recommendation},
 booktitle = {Proceedings of the 36th International ACM SIGIR Conference on Research and Development in Information Retrieval},
 series = {SIGIR '13},
 year = {2013},
 isbn = {978-1-4503-2034-4},
 location = {Dublin, Ireland},
 pages = {363--372},
 numpages = {10}
}

@inproceedings{Zhang14,
 author = {Zhang, Jia-Dong and Chow, Chi-Yin and Li, Yanhua},
 title = {LORE: Exploiting Sequential Influence for Location Recommendations},
 booktitle = {Proceedings of the 22Nd ACM SIGSPATIAL International Conference on Advances in Geographic Information Systems},
 series = {SIGSPATIAL '14},
 year = {2014},
 isbn = {978-1-4503-3131-9},
 location = {Dallas, Texas},
 pages = {103--112},
 numpages = {10},
}

@inproceedings{Zhao15,
 author = {Dengji Zhao and Sarvapali D Ramchurn and Nicholas R Jennings},
 title = {Incentive design for ridesharing with uncertainty},
 booktitle = {arXiv preprint arXiv:1505.01617},
 year = {2015}
}