@article{huang2014large,
	title={Large scale real-time ridesharing with service guarantee on road networks},
	author={Huang, Yan and Bastani, Favyen and Jin, Ruoming and Wang, Xiaoyang Sean},
	journal={Proceedings of the VLDB Endowment},
	volume={7},
	number={14},
	pages={2017--2028},
	year={2014},
	publisher={VLDB Endowment}
}

@inproceedings{ma2013t,
	title={T-share: A large-scale dynamic taxi ridesharing service},
	author={Ma, Shuo and Zheng, Yu and Wolfson, Ouri},
	booktitle={Data Engineering (ICDE), 2013 IEEE 29th International Conference on},
	pages={410--421},
	year={2013},
	organization={IEEE}
}

@MISC{kd,
      title = {K-d tree},
      howpublished = {\url{http://en.wikipedia.org/wiki/K-d_tree}}
}

